<?xml version="1.0" encoding="UTF-8"?><collection xmlns="http://www.loc.gov/MARC21/slim"><record><leader>00495nam--2200217-u-4500</leader><controlfield tag="001">000050377</controlfield><controlfield tag="002">20161230</controlfield><controlfield tag="003">81731</controlfield><controlfield tag="005">20161230201048</controlfield><controlfield tag="008">070131s1000------------r-----000-0-eng-d</controlfield><datafield ind1=" " ind2=" " tag="020"><subfield code="a">0691103003</subfield></datafield><datafield ind1=" " ind2=" " tag="040"><subfield code="a">IFIN-HH</subfield></datafield><datafield ind1=" " ind2=" " tag="041"><subfield code="a">eng</subfield></datafield><datafield ind1=" " ind2=" " tag="080"><subfield code="a">531</subfield></datafield><datafield ind1="1" ind2=" " tag="100"><subfield code="a">Treiman,Sam</subfield></datafield><datafield ind1="1" ind2="0" tag="245"><subfield code="a">The Odd Quantum</subfield><subfield code="c">Sam Treiman</subfield></datafield><datafield ind1=" " ind2=" " tag="260"><subfield code="a">Princeton</subfield><subfield code="b">University Press</subfield><subfield code="c">1999</subfield></datafield><datafield ind1=" " ind2=" " tag="300"><subfield code="a">262 p</subfield></datafield><datafield ind1=" " ind2="4" tag="650"><subfield code="a">Quantum Theory</subfield></datafield><datafield ind1=" " ind2=" " tag="852"><subfield code="a">530.14</subfield></datafield><datafield ind1=" " ind2=" " tag="CAT"><subfield code="a">Sys</subfield><subfield code="c">20110324</subfield><subfield code="h">152440</subfield></datafield></record></collection>